<?xml version="1.0" encoding="UTF-8"?><collection xmlns="http://www.loc.gov/MARC21/slim"><record><leader>00450nam--2200181-i-4500</leader><controlfield tag="001">000049462</controlfield><controlfield tag="002">20161230</controlfield><controlfield tag="005">20161230201047</controlfield><controlfield tag="008">060222s1000------------r-----000-0-rus-d</controlfield><datafield ind1=" " ind2=" " tag="040"><subfield code="a">IFIN-HH</subfield></datafield><datafield ind1=" " ind2=" " tag="041"><subfield code="a">rus</subfield></datafield><datafield ind1=" " ind2=" " tag="080"><subfield code="a">534.83(47)</subfield></datafield><datafield ind1="1" ind2=" " tag="100"><subfield code="a">Alekseev,S.P</subfield></datafield><datafield ind1="1" ind2="0" tag="245"><subfield code="a">Issledovanie shumov goroda moskvy</subfield><subfield code="c">S.p. alekseev</subfield></datafield><datafield ind1=" " ind2=" " tag="260"><subfield code="a">Moskva</subfield><subfield code="b">Akademii Nauk Sssr</subfield><subfield code="c">1950</subfield></datafield><datafield ind1=" " ind2=" " tag="300"><subfield code="a">102 S</subfield></datafield><datafield ind1=" " ind2=" " tag="852"><subfield code="a">44656</subfield><subfield code="c">H.H</subfield></datafield><datafield ind1=" " ind2=" " tag="CAT"><subfield code="a">Sys</subfield><subfield code="c">20130416</subfield><subfield code="h">163255</subfield></datafield></record></collection>